!TRNS	TRNSID	TRNSTYPE	DATE	ACCNT	NAME	AMOUNT	DOCNUM		MEMO
!SPL	SPLID	TRNSTYPE	DATE	ACCNT	NAME	AMOUNT	DOCNUM		MEMO
!ENDTRNS
TRNS		DEPOSIT	12/09/2024	Woodsboro Bank		679.00		Deposit
SPL		Deposit	12/09/2024	Donations		-452.00		1101011
SPL		Deposit	12/09/2024	Donations		-225.00		1101012
SPL		Deposit	12/09/2024	Donations		-2.00		1900259
ENDTRNS
